<record><leader>00000cas a22000007a 4500</leader><controlfield tag="001">15702750</controlfield><controlfield tag="008">870518d18941901inuwr ne      0    0eng d</controlfield><datafield ind1=" " ind2=" " tag="010"><subfield code="a">sn 87056209 </subfield></datafield><datafield ind1=" " ind2=" " tag="040"><subfield code="a">NPI</subfield><subfield code="b">eng</subfield><subfield code="c">NPI</subfield><subfield code="d">OCLCQ</subfield><subfield code="d">IUL</subfield><subfield code="d">OCLCF</subfield></datafield><datafield ind1=" " ind2=" " tag="042"><subfield code="a">msc</subfield></datafield><datafield ind1=" " ind2=" " tag="043"><subfield code="a">n-us-in</subfield></datafield><datafield ind1="0" ind2=" " tag="130"><subfield code="a">Butler herald (Butler, Ind.)</subfield></datafield><datafield ind1="1" ind2="4" tag="245"><subfield code="a">The Butler herald.</subfield></datafield><datafield ind1=" " ind2=" " tag="260"><subfield code="a">Butler, DeKalb County, Ind. :</subfield><subfield code="b">O.H. Downey,</subfield><subfield code="c">-1901.</subfield></datafield><datafield ind1=" " ind2=" " tag="300"><subfield code="a">volumes</subfield></datafield><datafield ind1=" " ind2=" " tag="310"><subfield code="a">Weekly</subfield></datafield><datafield ind1="1" ind2=" " tag="362"><subfield code="a">Began with Nov. 23, 1894.</subfield></datafield><datafield ind1="0" ind2=" " tag="362"><subfield code="a">-v. 19,no. 30 (Aug. 16, 1901).</subfield></datafield><datafield ind1=" " ind2=" " tag="588"><subfield code="a">Description based on: Vol. 17, no. 10 (Apr. 15, 1898).</subfield></datafield><datafield ind1=" " ind2="0" tag="651"><subfield code="a">Butler (Ind.)</subfield><subfield code="v">Newspapers.</subfield></datafield><datafield ind1=" " ind2="0" tag="651"><subfield code="a">De Kalb County (Ind.)</subfield><subfield code="v">Newspapers.</subfield></datafield><datafield ind1=" " ind2="7" tag="651"><subfield code="a">Indiana</subfield><subfield code="z">Butler.</subfield><subfield code="2">fast</subfield><subfield code="0">(OCoLC)fst01261986</subfield></datafield><datafield ind1=" " ind2="7" tag="651"><subfield code="a">Indiana</subfield><subfield code="z">De Kalb County.</subfield><subfield code="2">fast</subfield><subfield code="0">(OCoLC)fst01225876</subfield></datafield><datafield ind1=" " ind2="7" tag="655"><subfield code="a">Newspapers.</subfield><subfield code="2">fast</subfield><subfield code="0">(OCoLC)fst01423814</subfield></datafield><datafield ind1=" " ind2=" " tag="752"><subfield code="a">United States</subfield><subfield code="b">Indiana</subfield><subfield code="c">De Kalb</subfield><subfield code="d">Butler.</subfield></datafield><datafield ind1="0" ind2="0" tag="780"><subfield code="t">Butler review (Butler, Ind. : 1881)</subfield></datafield><datafield ind1="0" ind2="0" tag="785"><subfield code="t">DeKalb County herald (Butler, Ind.)</subfield><subfield code="w">(DLC)sn 87056210</subfield><subfield code="w">(OCoLC)15702091</subfield></datafield></record>